@Misc{website:tiobe-index,
  author = 	 {{TIOBE} Software {BV}},
  title = 	 {{TIOBE} Software: Tiobe Index},
  howpublished = {\url{http://www.tiobe.com/index.php/content/paperinfo/tpci/index.html}},
  month = 	 {March},
  year = 	 {2014},
  note = 	 {[Online; accessed 10-April-2014]}
}

@Misc{website:jit-memory,
  author = 	 {Necrolis},
  title =	 {compiler --- Why does {JIT}'ed code consume so much more memory than either compiled or interpreted code? --- Stack Overflow},
  howpublished = {\url{http://stackoverflow.com/a/8675550}},
  month = 	 {December},
  year = 	 {2011},
  note = 	 {[Online; accessed 10-April-2014]},
}

@Misc{wiki:mediawiki-about,
   author = "MediaWiki",
   title = "Manual:What is MediaWiki? --- MediaWiki{,} The Free Wiki Engine",
   year = "2014",
   howpublished = "\url{http://www.mediawiki.org/w/index.php?title=Manual:What_is_MediaWiki%3F&oldid=937775}",
   note = "[Online; accessed 10-April-2014]"
 }
 
 @Misc{website:syntax-semantics,
  author = 	 {Terence Parr},
  title = 	 {What do "syntax" and "semantics" mean and how are they different?},
  howpublished = {\url{http://www.jguru.com/faq/view.jsp?EID=81}},
  month = 	 {May},
  year = 	 {2012},
  note = 	 {[Online; accessed 10-April-2014]}
}

@Misc{ID,
  author = 	 {Zack Grossbart},
  OPTtitle = 	 {},
  howpublished = {\url{http://coding.smashingmagazine.com/2013/04/18/introduction-to-programming-type-systems/}},
  month = 	 {April},
  year = 	 {2013},
  note = 	 {[Online; accessed 10-April-2014]},
}

@Misc{ID,
  author = 	 {Lutz Prechelt},
  title = 	 {Are Scripting Languages Any Good? A Validation of Perl, Python, Rexx, and Tcl against C, C++, and Java},
  howpublished = {\url{http://page.mi.fu-berlin.de/prechelt/Biblio/jccpprt2_advances2003.pdf}},
  month = 	 {August},
  year = 	 {2002},
  note = 	 {[Online; accessed 10-April-2014]}
}

@Misc{ID,
  author = 	 {Tim Peters},
  OPTtitle = 	 {},
  howpublished = {\url{http://www.python.org/dev/peps/pep-0020/}},
  month = 	 {August},
  year = 	 {2004},
  note = 	 {[Online; accessed 10-April-2014]}
}

@Misc{ID,
  author = 	 {Python Software Foundation},
  OPTtitle = 	 {},
  howpublished = {\url{http://docs.python.org/2/faq/general.html#why-was-python-created-in-the-first-place}},
  month = 	 {April},
  year = 	 {2014},
  note = 	 {[Online; accessed 10-April-2014]}
}

@Misc{ID,
  author = 	 {Oracle},
  OPTtitle = 	 {},
  howpublished = {\url{http://docs.oracle.com/javase/tutorial/java/concepts/}},
  note = 	 {[Online; accessed 10-April-2014]}
}

@Misc{ID,
  author = 	 {Debian},
  OPTtitle = 	 {},
  howpublished = {\url{http://benchmarksgame.alioth.debian.org/u64q/python.php}},
  note = 	 {[Online; accessed 10-April-2014]}
}

@Misc{ID,
  author = 	 {Alex Munroe},
  OPTtitle = 	 {},
  howpublished = {\url{http://me.veekun.com/blog/2011/04/24/gotcha-python-scoping-closures/}},
  month = 	 {April},
  year = 	 {2011},
  note = 	 {[Online; accessed 10-April-2014]}
}

@Misc{ID,
  author = 	 {Robert Zaremba},
  OPTtitle = 	 {},
  howpublished = {\url{http://rz.scale-it.pl/2012/12/17/the_python_condition__why_pypy_is_the_future_of_python.html}},
  month = 	 {December},
  year = 	 {2012},
  note = 	 {[Online; accessed 10-April-2014]}
}

@Misc{ID,
  OPTauthor = 	 {},
  OPTtitle = 	 {},
  howpublished = {\url{http://blog.irukado.org/2013/06/on-the-virtues-of-pypy-as-your-default-interpreter/}},
  OPTmonth = 	 {},
  OPTyear = 	 {},
  note = 	 {[Online; accessed 10-April-2014]}
}

@Misc{ID,
  OPTauthor = 	 {},
  OPTtitle = 	 {},
  howpublished = {\url{http://speed.pypy.org/}},
  OPTmonth = 	 {},
  OPTyear = 	 {},
  note = 	 {[Online; accessed 10-April-2014]}
}

@Misc{ID,
  OPTauthor = 	 {},
  OPTtitle = 	 {},
  howpublished = {\url{http://ironpython.codeplex.com/wikipage?title=IronPython%20Performance}},
  OPTmonth = 	 {},
  OPTyear = 	 {},
  note = 	 {[Online; accessed 10-April-2014]}
}

@Misc{ID,
  OPTauthor = 	 {},
  OPTtitle = 	 {},
  howpublished = {\url{http://c2.com/cgi/wiki}},
  OPTmonth = 	 {},
  OPTyear = 	 {},
  note = 	 {[Online; accessed 10-April-2014; Siit tulevad suur osa minu teadmistest, aga kas see on citeable?]}
}

@Misc{ID,
  OPTauthor = 	 {},
  OPTtitle = 	 {},
  howpublished = {\url{http://rl337.org/2012/07/03/gradient-descent-and-normalized-data/}},
  OPTmonth = 	 {},
  OPTyear = 	 {},
  note = 	 {[Online; accessed 10-April-2014]}
}

@Misc{website:logistic-regression,
  OPTauthor = 	 {},
  OPTtitle = 	 {},
  howpublished = {\url{http://nbviewer.ipython.org/gist/vietjtnguyen/6655020}},
  OPTmonth = 	 {},
  OPTyear = 	 {},
  note = 	 {[Online; accessed 10-April-2014]}
}

@Misc{ID,
  OPTauthor = 	 {},
  OPTtitle = 	 {},
  howpublished = {\url{http://homes.soic.indiana.edu/classes/spring2012/csci/b553-hauserk/gradient_descent.pdf}},
  OPTmonth = 	 {},
  OPTyear = 	 {},
  note = 	 {[Online; accessed 10-April-2014; VÃµimalik lisa lahendus]},
}

@Misc{ID,
  OPTauthor = 	 {},
  OPTtitle = 	 {},
  howpublished = {\url{http://www.mediawiki.org/wiki/Manual:Installation_requirements}},
  OPTmonth = 	 {},
  OPTyear = 	 {},
  note = 	 {[Online; accessed 10-April-2014]}
}

@Misc{ID,
  OPTauthor = 	 {},
  OPTtitle = 	 {},
  howpublished = {\url{http://www.mediawiki.org/wiki/Api.php}},
  OPTmonth = 	 {},
  OPTyear = 	 {},
  note = 	 {[Online; accessed 10-April-2014]}
}

@Misc{ID,
  OPTauthor = 	 {},
  OPTtitle = 	 {},
  howpublished = {\url{http://www.json.org/}},
  OPTmonth = 	 {},
  OPTyear = 	 {},
  note = 	 {[Online; accessed 10-April-2014]}
}

@Misc{website:python-glossary,
  OPTauthor = 	 {},
  OPTtitle = 	 {},
  howpublished = {\url{http://docs.python.org/2/glossary.html}},
  OPTmonth = 	 {},
  OPTyear = 	 {},
  note = 	 {[Online; accessed 10-April-2014]}
}

@Misc{website:access-modifiers,
  OPTauthor = 	 {},
  OPTtitle = 	 {},
  howpublished = {\url{http://bmanolov.free.fr/javaprotection.php}},
  OPTmonth = 	 {},
  OPTyear = 	 {},
  note = 	 {[Online; accessed 10-April-2014]}
}

@Misc{website:persistent-struct,
  OPTauthor = 	 {},
  OPTtitle = 	 {},
  howpublished = {\url{http://www.cs.cmu.edu/~rwh/theses/okasaki.pdf}},
  OPTmonth = 	 {},
  OPTyear = 	 {},
  note = 	 {[Online; accessed 10-April-2014]}
}
